@article{赵云飞2015粗糙物面引起的超声速边界层转捩现象研究,
  title={粗糙物面引起的超声速边界层转捩现象研究},
  author={赵云飞 and 刘伟 and 冈敦殿 and 易仕和 and 邓小刚},
  journal={宇航学报},
  volume={36},
  number={6},
  pages={739--746},
  year={2015}
}
@article{俞孟萨2007国外舰船水动力噪声研究进展概述,
  title={国外舰船水动力噪声研究进展概述},
  author={俞孟萨 and 吴有生 and 庞业珍},
  journal={船舶力学},
  volume={11},
  number={1},
  pages={152--158},
  year={2007}
}
@inproceedings{spalart1992one,
  title={A one-equation turbulence model for aerodynamic flows},
  author={Spalart, Philippe and Allmaras, Steven},
  booktitle={30th aerospace sciences meeting and exhibit},
  pages={439},
  year={1992}
}
@article{jones1973calculation,
  title={The calculation of low-Reynolds-number phenomena with a two-equation model of turbulence},
  author={Jones, W Po and Launder, BrnE},
  journal={International Journal of Heat and Mass Transfer},
  volume={16},
  number={6},
  pages={1119--1130},
  year={1973},
  publisher={Elsevier}
}
@article{wilcox1988reassessment,
  title={Reassessment of the scale-determining equation for advanced turbulence models},
  author={Wilcox, David C},
  journal={AIAA journal},
  volume={26},
  number={11},
  pages={1299--1310},
  year={1988}
}
@inproceedings{menter1993zonal,
  title={Zonal two equation kw turbulence models for aerodynamic flows},
  author={Menter, Florianr},
  booktitle={23rd fluid dynamics, plasmadynamics, and lasers conference},
  pages={2906},
  year={1993}
}
@article{smagorinsky1963general,
  title={General circulation experiments with the primitive equations: I. The basic experiment},
  author={Smagorinsky, Joseph},
  journal={Monthly weather review},
  volume={91},
  number={3},
  pages={99--164},
  year={1963},
  publisher={American Meteorological Society}
}
@book{wilcox1998turbulence,
  title={Turbulence modeling for CFD},
  author={Wilcox, David C and others},
  volume={2},
  year={1998},
  publisher={DCW industries La Canada, CA}
}
@techreport{wilcox1993turbulence,
  title={Turbulence and transition modeling for high-speed flows},
  author={Wilcox, David C},
  year={1993}
}
@article{dhawan1958some,
  title={Some properties of boundary layer flow during the transition from laminar to turbulent motion},
  author={Dhawan, SJ and Narasimha, R},
  journal={Journal of Fluid Mechanics},
  volume={3},
  number={4},
  pages={418--436},
  year={1958},
  publisher={Cambridge University Press}
}
@article{narasimha1985laminar,
  title={The laminar-turbulent transition zone in the boundary layer},
  author={Narasimha, R},
  journal={Progress in Aerospace Sciences},
  volume={22},
  number={1},
  pages={29--80},
  year={1985},
  publisher={Elsevier}
}
@article{steelant2001modeling,
  title={Modeling of laminar-turbulent transition for high freestream turbulence},
  author={Steelant, Johan and Dick, Erik},
  journal={J. Fluids Eng.},
  volume={123},
  number={1},
  pages={22--30},
  year={2001}
}
@article{langtry2006correlation,
  title={A correlation-based transition model using local variables—part II: test cases and industrial applications},
  author={Langtry, Robin Blair and Menter, FR and Likki, SR and Suzen, YB and Huang, PG and V{\"o}lker, S},
  journal={Journal of turbomachinery},
  pages={423--434},
  year={2006}
}
@incollection{menter2005transition,
  title={Transition modelling for general purpose CFD codes},
  author={Menter, Florian R and Langtry, R and V{\"o}lker, S and Huang, PG},
  booktitle={Engineering turbulence modelling and experiments 6},
  pages={31--48},
  year={2005},
  publisher={Elsevier}
}
@article{langtry2009correlation,
  title={Correlation-based transition modeling for unstructured parallelized computational fluid dynamics codes},
  author={Langtry, Robin B and Menter, Florian R},
  journal={AIAA journal},
  volume={47},
  number={12},
  pages={2894--2906},
  year={2009}
}
@article{rahman2022capturing,
  title={Capturing transition around low-Reynolds number hydrofoil with zero-equation transition model},
  author={Rahman, MM and Hasan, K and Pan, Huachen},
  journal={Physics of Fluids},
  volume={34},
  number={7},
  pages={074115},
  year={2022},
  publisher={AIP Publishing LLC}
}
@article{delafin2014effect,
  title={Effect of the laminar separation bubble induced transition on the hydrodynamic performance of a hydrofoil},
  author={Delafin, Pierre Luc and Deniset, Fran{\c{c}}ois and Astolfi, Jacques-Andr{\'e}},
  journal={European Journal of Mechanics-B/Fluids},
  volume={46},
  pages={190--200},
  year={2014},
  publisher={Elsevier}
}
@article{ye2021improvement,
  title={Improvement of the SST $\gamma$-Re $\theta$t transition model for flows along a curved hydrofoil},
  author={Ye, Chang-liang and Wang, Chao-yue and Zi, Dan and Tang, Yuan and van Esch, Bart PM and Wang, Fu-jun},
  journal={Journal of Hydrodynamics},
  volume={33},
  number={3},
  pages={520--533},
  year={2021},
  publisher={Springer}
}
@article{nikuradse1950laws,
  title={Laws of flow in rough pipes},
  author={Nikuradse, Johann and others},
  year={1950},
  publisher={National Advisory Committee for Aeronautics Washington}
}
@article{2001Rough,
  title={Rough Wall Modification of Two-Layer k--$\epsilon$},
  author={ Durbin, P. A.  and  Medic, G.  and  Seo, J. M.  and  Eaton, J. K.  and  Song, S. },
  journal={Journal of Fluids Engineering: Transactions of the ASME},
  number={1},
  pages={123},
  year={2001},
}
@article{aupoix2003extensions,
  title={Extensions of the Spalart--Allmaras turbulence model to account for wall roughness},
  author={Aupoix, B and Spalart, PR},
  journal={International Journal of Heat and Fluid Flow},
  volume={24},
  number={4},
  pages={454--462},
  year={2003},
  publisher={Elsevier}
}
@article{knopp2009new,
  title={A new extension for k--$\omega$ turbulence models to account for wall roughness},
  author={Knopp, Tobias and Eisfeld, Bernhard and Calvo, Javier Bartolome},
  journal={International Journal of Heat and Fluid Flow},
  volume={30},
  number={1},
  pages={54--65},
  year={2009},
  publisher={Elsevier}
}
@article{ge2015intermittency,
  title={An intermittency model for predicting roughness induced transition},
  author={Ge, Xuan and Durbin, Paul A},
  journal={International Journal of Heat and Fluid Flow},
  volume={54},
  pages={55--64},
  year={2015},
  publisher={Elsevier}
}
@inproceedings{dassler2010transport,
  title={Transport equation for roughness effects on laminar-turbulent transition},
  author={Dassler, Patrick and Ko{\v{z}}ulovic, D and Fiala, Andreas},
  booktitle={Fifth European Conference on Computational Fluid Dynamics, Lisbon, Portugal},
  year={2010}
}
@inproceedings{langel2015further,
  title={Further developments to a local correlation based roughness model for boundary layer transition prediction},
  author={Langel, Christopher M and Chow, Raymond and Van Dam, Case (CP) P},
  booktitle={53rd AIAA Aerospace Sciences Meeting},
  pages={1232},
  year={2015}
}
@article{yang2019distributed,
  title={Distributed roughness induced transition on wind-turbine airfoils simulated by four-equation k-$\omega$-$\gamma$-$A_r$ transition model},
  author={Yang, Muchen and Xiao, Zhixiang},
  journal={Renewable Energy},
  volume={135},
  pages={1166--1177},
  year={2019},
  publisher={Elsevier}
}
@article{liu2020predicting,
  title={Predicting distributed roughness induced transition with a four-equation laminar kinetic energy transition model},
  author={Liu, Zaijie and Zhao, Yatian and Chen, Shusheng and Yan, Chao and Cai, Fangjie},
  journal={Aerospace Science and Technology},
  volume={99},
  pages={105736},
  year={2020},
  publisher={Elsevier}
}
@article{zhang2022modeling,
  title={Modeling of surface roughness effects on bypass and laminar separation bubble-induced transition for turbomachinery flows},
  author={Zhang, Yang and Xu, Jiakuan and Li, Yi and Qiao, Lei and Bai, Junqiang},
  journal={Physics of Fluids},
  volume={34},
  number={4},
  pages={044108},
  year={2022},
  publisher={AIP Publishing LLC}
}
@phdthesis{feindt1957untersuchungen,
  title={Untersuchungen {\"u}ber die Abh{\"a}ngigkeit des Umschlages laminar-turbulent von der Oberfl{\"a}chenrauhigkeit und der Druckverteilung},
  author={Feindt, Ernst G{\"u}nther},
  year={1957},
  school={Technische Hochschule Carolo-Wilhelmina zu Braunschweig}
}
@inproceedings{dassler2010modelling,
  title={Modelling of roughness-induced transition using local variables},
  author={Dassler, Patrick and Ko{\v{z}}ulovi{\'c}, Dragan and Fiala, Andreas},
  booktitle={V European Conference on CFD, ECCOMAS CFD},
  volume={430},
  year={2010}
}