@article{赵云飞2015粗糙物面引起的超声速边界层转捩现象研究,
  title={粗糙物面引起的超声速边界层转捩现象研究},
  author={赵云飞 and 刘伟 and 冈敦殿 and 易仕和 and 邓小刚},
  journal={宇航学报},
  volume={36},
  number={6},
  pages={739--746},
  year={2015}
}
